@inproceedings{kennedy1995particle,
  title        = {Particle swarm optimization},
  author       = {Kennedy, James and Eberhart, Russell},
  booktitle    = {Proceedings of ICNN'95-international conference on neural networks},
  volume       = {4},
  pages        = {1942--1948},
  year         = {1995},
  organization = {ieee}
}